
@techreport{Bailey:CNGS,
      Author       = "Bailey, R and Baldy, J L and Ball, A E and Bonnal, P and
                      Buhler-Broglin, Manfred and D\'{e}traz, C and Elsener, Konrad
                      and Ereditato, A and Faugeras, Paul E and Ferrari, A and
                      Fortuna, G and Grant, A L and Guglielmi, A M and Hilaire, A
                      and Hubner, Kurt and Jonker, M and Kissler, Karl Heinz and
                      L\'{o}pez-Hernandez, L A and Maugain, J M and Migliozzi, P and
                      Palladino, Vittorio and Pietropaolo, F and Revol, Jean
                      Pierre Charles and Sala, P R and Sanelli, C and Stevenson,
                      Graham Roger and Vassilopoulos, N and Vincke, H H and
                      Weisse, E and Wilhemsson, M",
      Title        = {The CERN Neutrino beam to Gran Sasso (NGS).},
      Institution  = "CERN",
      Address      = "Geneva",
      Number       = "CERN-SL-99-034-DI. INFN-AE-99-05",
      Month        = "Jun",
      Year         = "1999",
      Note         = "Addendum to report CERN 98-02, INFN-AE-98-05",
}

@techreport{ntof,
      title        = "n-TOF Technical Design Report on Experimental Area",
      institution  = "CERN",
      address      = "Geneva",
      number       = "CERN-INTC-2000-018",
      month        = "Nov",
      year         = "2000",
}

@techreport{Hangst:ALPHA,
      author       = "Hangst, Jeffrey S and Bowe, Paul",
      title        = "ALPHA Proposal",
      institution  = "CERN",
      address      = "Geneva",
      number       = "CERN-SPSC-2005-006. SPSC-P-325",
      month        = "Jan",
      year         = "2005",
}

@article{Gabrielse:ATRAP,
      author       = "Gabrielse, G and Kalra, R and Kolthammer, W S and
                      McConnell, R and Richerme, P and Grzonka, D and Oelert, W
                      and Sefzick, T and Zielinski, M and Fitzakerley, D W and
                      George, M C and Hessels, E A and Storry, C H and Weel, M and
                      Mullers, A and Walz, J",
      title        = "Trapped Antihydrogen in Its Ground State",
      journal      = "Phys. Rev. Lett.",
      number       = "arXiv:1201.2717",
      volume       = "108",
      pages        = "113002",
      month        = "Jan",
      year         = "2012",
}

@article{Hori:ASACUSA,
      author         = "Hori, M.",
      title          = "{The ASACUSA experiment at CERN's Anti-proton
                        Decelerator}",
      collaboration  = "ASACUSA Collaboration",
      journal        = "Nucl.Phys.",
      volume         = "A692",
      pages          = "119-128",
      doi            = "10.1016/S0375-9474(01)01169-1",
      year           = "2001",
}

@article{Maggiore:ACE,
      author       = "Maggiore, C J and Agazaryan, N and Bassler, N and
                      Blackmore, E and Beyer, G and De Marco, J J and Doser,
                      Michael and Gruhn, Charles R and Holzscheiter, M H and
                      Ichioka, T and Iwamoto, K S and Knudsen, H V and Landua,
                      Rolf and McBride, W H and Møller, S P and Petersen, J and
                      Smathers, J B and Skarsgard, L D and Solberg, T and
                      Uggerhøj, U and Withers, H R and Wouters, B G",
      title        = "Biological effectiveness of antiproton annihilation",
      journal      = "Nucl. Instrum. Methods Phys. Res., B",
      volume       = "214",
      pages        = "181-5",
      year         = "2004",
}

@article{Kadi:ISOLDE,
      author       = {Kadi, Y and Bernardes, A P and Blumenfeld, Y and Calatroni,
                      S and Catherall, R and Fraser, M A and Goddard, B and
                      Parchet, D and Siesling, E and Venturini Delsolaro, W and
                      Voulot, D and Williams, L R},
      title        = {Status and Future Perspectives of the HIE-Isolde Project at
                      CERN},
      journal      = "Conf. Proc.",
      number       = {CERN-ATS-2012-251},
      volume       = "C1205201",
      pages        = "PAGE. 4 p",
      month        = "May",
      year         = "2012",
}

@book{ATLASTDR,
      title        = "ATLAS detector and physics performance: Technical Design
                      Report, 1",
      publisher    = "CERN",
      address      = "Geneva",
      series       = "Technical Design Report ATLAS",
      year         = "1999",
      note         = "Electronic version not available",
}

@techreport{CMSDR,
      title        = "CMS : the Compact Muon Solenoid; 1993 ed.",
      institution  = "CERN",
      address      = "Geneva",
      number       = "CERN-LHCC-93-48",
      year         = "1993",
}

@book{LHCb,
      title        = "LHCb : Technical Proposal",
      publisher    = "CERN",
      address      = "Geneva",
      series       = "Tech. Proposal",
      year         = "1998",
}

@article{Lourenco:ALICE,
      author       = "Lourenco, C",
      title        = "Heavy Ion Collisions at the LHC: the ALICE Experiment.
                      oai:cds.cern.ch:315992",
      number       = "hep-ph/9612221. LIP-96-02",
      year         = "1996",
}

@article{McCrory:lumiEvo,
      author       = "McCrory, Elliott and Shiltsev, Vladimir",
      title        = "Characterizing Luminosity Evolution in the Tevatron",
      year         = "2005",
}

@misc{Holzer:TransDyn,
  Author = {Holzer, Bernhard},
  Institution = {CERN},
  Howpublished = {Introductory CERN Accelerator School},
  Year = {2010},
  Title = {Transverse Beam Dynamics}
}

@misc{Leduff:LongDyn,
  Author = {Le Duff, Joel},
  Institution = {CERN},
  Howpublished = {Introductory CERN Accelerator School},
  Year = {2010},
  Title = {Longitiudinal Beam Dynamics}
}

@article{Stupakov:surfaceRough,
      author         = "Stupakov, Gennady V.",
      title          = "Surface roughness impedance",
      pages          = "141-152",
      year           = "2000",
      reportNumber   = "SLAC-PUB-8743",
}

@article{Laslett:ResWallInstab	,
      author         = "Laslett, L.J. and Neil, V.K. and Sessler, A.M.",
      title          = "{Transverse Resistive Instabilities of Intense Coasting Beams in Particle Accelerators}",
      journal        = "Rev.Sci.Instrum.",
      volume         = "36",
      pages          = "436-448",
      year           = "1965",
      reportNumber   = "UCRL-11090",
}

@article{Stupakov:wakeAndImp,
      author         = "Stupakov, Gennady V.",
      title          = "Wake and impedance",
      pages          = "205-230",
      year           = "2000",
      reportNumber   = "SLAC-PUB-8683",
}


@phdthesis{Mounet:PhDThesis,
      author       = "Mounet, Nicolas and Rivkin, Leonid and Métral, Elias",
      title        = "The LHC Transverse Coupled-Bunch Instability",
      school       = "Lausanne, EPFL",
      month        = "Mar",
      year         = "2012",
      note         = "Presented 2012",
}

@article{Stupakov:adInImpTheory,
      author         = "Stupakov, Gennady V.",
      title          = "Advances in Impedance Theory",
      year           = "2009",
      reportNumber   = "SLAC-PUB-13661",}
}

@article{Palumbo:Wakes,
      author         = "Palumbo, L. and Vaccaro, V.G. and Zobov, M.",
      title          = "{Wake fields and impedance}",
      year           = "1994",
      eprint         = "physics/0309023",
      archivePrefix  = "arXiv",
      primaryClass   = "physics",
      reportNumber   = "LNF-94-041-P, C93-09-20.6",}

@book{Chao:PhysColEff,
      author       = "Chao, Alexander Wu",
      title        = "Physics of collective beam instabilities in high energy
                      accelerators",
      publisher    = "Wiley",
      address      = "New York, NY",
      year         = "1993",
}

@article{Roncarolo:ColImpMeas,
      author       = "Roncarolo, F and Caspers, Friedhelm and Kroyer, T and
                      Metral, E and Mounet, N and Salvant, B and Zotter, B",
      title        = "Comparison between laboratory measurements, simulations,
                      and analytical predictions of the transverse wall impedance
                      at low frequencies",
      journal      = "Phys. Rev. Lett.",
      number       = "CERN-BE-2010-005. 8",
      volume       = "12",
      pages        = "084401. 1 p",
      month        = "Aug",
      year         = "2009",
}

@techreport{Metral:ResWallWideFreq,
      author       = "Métral, E",
      title        = "Transverse resistive-wall impedance from very low to very
                      high frequencies",
      institution  = "CERN",
      address      = "Geneva",
      number       = "CERN-AB-2005-084",
      month        = "Aug",
      year         = "2005",
}

@techreport{Tsutsui:ferrKickLong,
      author       = "Tsutsui, H",
      title        = "Some Simplified Models of Ferrite Kicker Magnet for
                      Calculation of Longitudinal Coupling Impedance",
      institution  = "CERN",
      address      = "Geneva",
      number       = "CERN-SL-2000-004-AP",
      month        = "Jan",
      year         = "2000",
}

@techreport{Biancacci:MMFiniteInsert,
      author       = "Biancacci, N and Vaccaro, VG and Métral, E and Salvant, B
                      and Migliorati, M and Palumbo, L",
      title        = "The mode matching method applied to beam coupling impedance
                      calculations of finite length devices",
      institution  = "CERN",
      address      = "Geneva",
      number       = "CERN-ATS-2012-187",
      month        = "May",
      year         = "2012",
}

@techreport{Mounet:Axisymmetric,
      author       = "Mounet, N and Métral, E",
      title        = "Electromagnetic fields created by a macroparticle in an
                      infinitely long and axisymmetric multilayer beam pipe",
      institution  = "CERN",
      address      = "Geneva",
      number       = "CERN-BE-2009-039",
      month        = "Nov",
      year         = "2009",
}

@misc{Wolsky:TheoryEM,
  Author = {Wolski, Andy},
  Institution = {CERN},
  Howpublished = {RF for Accelerators, CERN Accelerator School},
  Year = {2010},
  Title = {Theory of Electromagnetic Fields}
}

@techreport{Mounet:Flat,
      author       = "Mounet, Nicolas and Métral, Elias",
      title        = "Electromagnetic fields  and beam coupling impedances in a multilayer flat chamber",
      institution  = "CERN",
      address      = "Geneva",
      number       = "CERN-ATS-2010-056",
      month        = "Dec",
      year         = "2010",
}

@misc{Jensen:RFCav,
  Author = {Jensen, Erk},
  Institution = {CERN},
  Howpublished = {RF for Accelerators, CERN Accelerator School},
  Year = {2010},
  Title = {Cavity Basics}
}

@techreport{Burov:TransInstabSC,
      author       = "Burov, Alexey and Lebedev, Valeri",
      title        = "Transverse Instabilities of Coasting Beams with Space
                      Charge",
      number       = "arXiv:0812.3887. FERMILAB-PUB-08-479-AD",
      month        = "Dec",
      year         = "2008",
}

@article{Boine-Frankenheim:InstabSCRings,
      author       = "Boine-Frankenheim, Oliver and Hofmann, Ingo and Kornilov,
                      Vladimir",
      title        = "Instabilities and Space Charge Effects in High Intensity
                      Ring Accelerators",
      pages        = "5 p",
      year         = "2006",
}

@phdthesis{Pieloni:PhDThesis,
      author       = "Pieloni, Tatiana and Herr, Werner and Bay, Aurelio and
                      Rivkin, Leonid",
      title        = "A study of beam-beam effects in hadron colliders with a
                      large number of bunches",
      school       = "Ecole Polytechnique, Lausanne",
      address      = "Milan U.",
      year         = "2008",
      note         = "Presented on 4 Dec 2008",
}

@article{Li:ECloud,
      author       = "Li, K S B and Rumolo, G",
      title        = "Review of beam instabilities in the presence of electron
                      clouds in the LHC",
      number       = "CERN-ATS-2011-095",
      pages        = "3 p",
      month        = "Sep",
      year         = "2011",
}

@techreport{Schaumann:IBS,
      author       = "Schaumann, M and Jowett, JM and Bruce, R",
      title        = "Intra-beam Scattering and Luminosity Evolution for HL-LHC
                      Proton Beams",
      institution  = "CERN",
      address      = "Geneva",
      number       = "CERN-ATS-2012-290",
      month        = "Dec",
      year         = "2012",
}

@phdthesis{Mertens:IBSThesis,
      author       = "Mertens, Tom and Jowett, John and Sousa Da Costa, Miguel",
      title        = "Intrabeam scattering in the LHC",
      school       = "Porto U.",
      address      = "Porto",
      year         = "2011",
      note         = "Presented 17 Jun 2011",
}

@book{Ng:IntDepInstab,
      author       = "Ng, K Y",
      title        = "Physics of Intensity Dependent Beam Instabilities",
      publisher    = "World Scientific",
      address      = "New Jersey, NJ",
      year         = "2006",
}

@techreport{Grudiev:LongTransSecCol,
      author       = "Grudiev, A",
      title        = "Simulation of Longitudinal and Transverse Impedances of
                      Trapped Modes in LHC Secondary Collimator",
      institution  = "CERN",
      address      = "Geneva",
      number       = "AB-Note-2005-042. CERN-AB-Note-2005-042",
      month        = "Dec",
      year         = "2005",
}

@techreport{Baudrenghien:LHCPowSpec,
      author       = "Baudrenghien, P and Angoletta, M E and Argyropoulos, T and
                      Arnaudon, L and Bohl, T and Brunner, O and Butterworth, A
                      and Ciapala, E and Dubouchet, F and Esteban-Muller, J and
                      Ferreira-Bento, J and Glenat, D and Hagmann, G and Hofle, W
                      and Jacquet, D and Jaussi, M and Kouzue, S and Landre, D and
                      Lollierou, J and Maesen, P and Martinez Yanez, P and
                      Mastoridis, T and Molendijk, J and Nicou, C and Noirjean, J
                      and Papotti, G and Pashnin, A and Pechaud, G and Pradier, J
                      and Sanchez-Quesada, J and Shaposhnikova, E and Schokker, M
                      and Stellfeld, D and Tuckmantel, J and Valuch, D and Wehrle,
                      U and Weierud, F",
      title        = "The LHC RF System - Experience with beam operation",
      number       = "CERN-ATS-2011-048",
      pages        = "4 p",
      month        = "Aug",
      year         = "2011",
}

 @techreport{Grudiev:twoBeamCol,
      author       = "Grudiev, Alexej",
      title        = "Simulation and reduction of longitudinal and transverse
                      impedances of a collimation device with two beams in one
                      vacuum chamber",
      number       = "LHC-Project-note-413",
      month        = "Mar",
      year         = "2008",
}

@misc{Schindl:SpaceCharge,
  Author = {Karlheinz, Schindl},
  Institution = {CERN},
  Howpublished = {Introductory CERN Accelerator School},
  Year = {2006},
  Title = {Space Charge}
}

@misc{Rumolo:IntroInstab,
  Author = {Rumolo, Giovanni},
  Institution = {CERN},
  Howpublished = {Intermediate CERN Accelerator School},
  Year = {2011},
  Title = {Beam Instabilities}
}

@techreport{Argyropoulos:longImpInj,
      author       = "Argyropoulos, T and Bohl, T and Burov, A and Calaga, R and
                      Ficcadenti, L and Metral, E and Mounet, N and Mastoridis, T
                      and Esteban Muller, J and Kain, V and Papotti, G and
                      Roncarolo, F and Shaposhnikova, E",
      title        = "Studies of the LHC impedance at injection energy",
      number       = "CERN-ATS-2012-060 MD",
      month        = "Jul",
      year         = "2012",
}

@techreport{Bohl:SingleBunchEnLoss,
      author       = "Bohl, T and Hofmann, A and Linnecar, Trevor Paul R and
                      Shaposhnikova, Elena and Tückmantel, Joachim",
      title        = "Energy loss of a single bunch in the SPS",
      institution  = "CERN",
      address      = "Geneva",
      number       = "AB-Note-2004-017",
      month        = "Mar",
      year         = "2004",
}

@misc{Sacherer:BunchBeamEffects,
      author       = "Sacherer, Frank James",
      title        = "Single-beam collective phenomena: transverse II Bunched
                      beams",
      Howpublished = {1st International School on Particle Accelerators},
      year         = "1977",
}

@article{Gluckstern:WireMeasImp,
      author       = "Gluckstern, R L and Li, R",
      title        = "Analysis Of Coaxial Wire Measurement Of Longitudinal
                      Coupling impedance",
      journal      = "Part. Accel.",
      number       = "DOE-ER-10666-1. CONF-890803-7",
      volume       = "29",
      pages        = "159-166. 8 p",
      year         = "1989",
}

@techreport{Vaccaro:ImprovedWireMeth,
      author       = "Vaccaro, Vittorio G",
      title        = "Coupling impedance measurements: an improved wire method",
      institution  = "INFN",
      address      = "Rome",
      number       = "INFN-TC-94-023",
      month        = "Nov",
      year         = "1994",
}

@article{Hahn:BenchMeasInter,
  title = {Interpretation of Coupling Impedance Bench Measurements},
  author = {Hahn, H.},
  journal = {Phys. Rev. ST Accel. Beams},
  volume = {7},
  issue = {1},
  pages = {012001},
  numpages = {9},
  year = {2004},
  month = {Jan},
  doi = {10.1103/PhysRevSTAB.7.012001},
  url = {http://link.aps.org/doi/10.1103/PhysRevSTAB.7.012001},
  publisher = {American Physical Society}
}

@article{Hahn:ValidityImpMeas,
  title = {Validity of coupling impedance bench measurements},
  author = {Hahn, H.},
  journal = {Phys. Rev. ST Accel. Beams},
  volume = {3},
  issue = {12},
  pages = {122001},
  numpages = {5},
  year = {2000},
  month = {Dec},
  doi = {10.1103/PhysRevSTAB.3.122001},
  url = {http://link.aps.org/doi/10.1103/PhysRevSTAB.3.122001},
  publisher = {American Physical Society}
}

@techreport{Jensen:ImprovLogForm,
      author       = "Jensen, E",
      title        = "An improved log-formula for homogeneously distributed
                      impedance",
      institution  = "CERN",
      address      = "Geneva",
      number       = "CERN-PS-RF-NOTE-2000-001",
      month        = "Jan",
      year         = "2000",
}

@techreport{Tsutsui:OnSingleWire,
      author       = "Tsutsui, H",
      title        = "On single wire technique for transverse coupling impedance
                      measurement",
      institution  = "CERN",
      address      = "Geneva",
      number       = "SL-Note-2002-034-AP",
      month        = "Oct",
      year         = "2002",
}

@techreport{Kroyer:lowFreqColImp,
      author       = "Kroyer, T",
      title        = "Simulation of the low-frequency collimator impedance",
      institution  = "CERN",
      address      = "Geneva",
      number       = "CERN-AB-Note-2008-017",
      month        = "Apr",
      year         = "2008",
}

@techreport{Tsutsui:DipoleKicker,
      author       = "Tsutsui, H and Vos, L",
      title        = "Transverse Coupling Impedance of a Simplified Ferrite
                      Kicker Magnet Model",
      institution  = "CERN",
      address      = "Geneva",
      number       = "LHC-PROJECT-NOTE-234",
      month        = "Sep",
      year         = "2000",
}

@techreport{Salvant:QuadKicker,
      author       = "Salvant, B and Mounet, N and Zannini, C and Métral, E and
                      Rumolo, G",
      title        = "Quadrupolar Transverse Impedance of Simple Models of
                      Kickers",
      number       = "CERN-ATS-2010-076",
      pages        = "3 p",
      month        = "Jun",
      year         = "2010",
}

@techreport{Zannini:cCoreFerrite,
      author       = "Zannini, C and Rumolo, G and Vaccaro, VG",
      title        = "Effect of the Tem Mode on the kicker Impedance",
      institution  = "CERN",
      address      = "Geneva",
      number       = "CERN-ATS-2012-134",
      month        = "May",
      year         = "2012",
}

@inproceedings{Masullo:StretchedWire,
      author       = "Masullo, M.R. and Vaccaro, V.G. and Panniello, M.",
      title        = "The Stretched Wire Method: A Comparative Analysis Performed by Means of the Mode Matching Technique",
      institution  = "INFN-Napoli and Federico II University",
      address      = "Napoli, Italy",
      number       = "THP081",
      month        = "May",
      year         = "2010",
      booktitle = "LINAC'10"
}

@article{Weiland:Echo2d,
  title = {TE/TM field solver for particle beam simulations without numerical Cherenkov radiation},
  author = {Zagorodnov, Igor and Weiland, Thomas},
  journal = {Phys. Rev. ST Accel. Beams},
  volume = {8},
  issue = {4},
  pages = {042001},
  numpages = {15},
  year = {2005},
  month = {Apr},
/  publisher = {American Physical Society}
}

@techreport{Chin:ABCI,
      author         = "Chin, Yong-Ho",
      title          = "{User's guide for ABCI version 9.4 (Azimuthal beam cavity
                        interaction) and introducing the ABCI Windows application
                        package}",
      year           = "2005",
      reportNumber   = "KEK-REPORT-2005-6, KEK-2005-6",
}

@article{Weiland:MAFIAv4,
      author         = "Weiland, T. and Bartsch, M. and Becker, U. and Bihn, M.
                        and Blell, U. and others",
      title          = "{MAFIA Version 4}",
      journal        = "AIP Conf.Proc.",
      volume         = "391",
      pages          = "65-70",
      year           = "1997",
}

@misc{cst,
    title = {\texttt{http://www.cst.com}}
}

@misc{hfss,
    title = {\texttt{http://www.ansoft.com}}
}

@misc{maxwell,
    title = {\texttt{https://www.ansoft.com}}
}

@misc{gdfidl,
    title = {\texttt{https//:www.gdfidl.de}}
}


@techreport{Ng:Ace3p,
      author       = "Ng, C and Akcelik, V and Candel, A and Chen, S and Folwell,
                      N and Ge, L and Guetz, A and Jiang, H and Kabel, A and Ko, K
                      and Lee, L Q and Li, Z and Prudencio, E and Schussman, G and
                      Uplenchwar, R and Xiao, L",
      title        = "State of the Art in EM Field Computation",
      number       = "SLAC-PUB-12020",
      pages        = "5 p",
      month        = "Sep",
      year         = "2006",
}

@article{Kononenko:TransBeamLoading,
  title = {Transient beam-loading model and compensation in Compact Linear Collider main linac},
  author = {Kononenko, O. and Grudiev, A.},
  journal = {Phys. Rev. ST Accel. Beams},
  volume = {14},
  issue = {11},
  pages = {111001},
  numpages = {10},
  year = {2011},
  month = {Nov},

  publisher = {American Physical Society}
}

@article{Podobedov:TaperedImp,
  title = {Transverse impedance of axially symmetric tapered structures},
  author = {Podobedov, B. and Krinsky, S.},
  journal = {Phys. Rev. ST Accel. Beams},
  volume = {9},
  issue = {5},
  pages = {054401},
  numpages = {8},
  year = {2006},
  month = {May},
  publisher = {American Physical Society}
}

@article{Ruggiero:LHCColEff,
      author       = "Ruggiero, F",
      title        = "Single-beam collective effects in the LHC",
      journal      = "Part. Accel.",
      number       = "CERN-SL-95-09-AP. LHC-NOTE-313. CERN-LHC-Note-313",
      volume       = "50",
      pages        = "83-104. 21 p",
      month        = "Feb",
      year         = "1995",
}

@inproceedings{Salvant:VMTSA,
      author       = "Salvant, B. and Day, H. and Grudiev, A and Kononenim, O. and Métral, E.",
      title        = "CST Simulations of VMTSA",
      institution  = "CERN",
      address      = "Geneva",
      month        = "April",
      year         = "2012",
      publisher = "Presented at 03/04/2012 LRRF Task Force Meeting. Available at \texttt{http://emetral.web.cern.ch/emetral/LRFF/LRFF 20meetings.htm}"
}

@techreport{Caspers:ThinCondLayers,
      author       = "Caspers, Friedhelm and Dôme, Georges and González, C and
                      Jensen, E and Keil, Eberhard and Morvillo, M and Ruggiero, F
                      and Schröder, G and Zotter, Bruno W and Dyachkov, M",
      title        = "RF screening by thin resistive layers",
      number       = "LHC-Project-Report-300. CERN-LHC-Project-Report-300",
      pages        = "4 p",
      month        = "Apr",
      year         = "1999",
}

@techreport{Kroyer:MKEReduct,
      author       = "Kroyer, T and Caspers, Friedhelm and Gaxiola, E",
      title        = "Longitudinal and Transverse Wire Measurements for the
                      Evaluation of Impedance Reduction Measures on the MKE
                      Extraction Kickers",
      institution  = "CERN",
      address      = "Geneva",
      number       = "AB-Note-2007-028. CERN-AB-Note-2007-028",
      month        = "Jul",
      year         = "2007",
}

@misc{Klingbeil:ferrCav,
  Author = {Harald Klingbeil},
  Institution = {CERN},
  Howpublished = {RF for Accelerators, CERN Accelerator School},
  Year = {2010},
  Title = {Ferrite Cavities}
}

@article{Schmidt:LHCMP,
      author       = "Schmidt, R and Assmann, Ralph Wolfgang and Carlier, E and
                      Dehning, B and Denz, R and Goddard, B and Holzer, E B and
                      Kain, V and Puccio, B and Todd, B and Uythoven, J and
                      Wenninger, J and Zerlauth, M",
      title        = "LHC Machine Protection",
      number       = "LHC-PROJECT-Report-1053. CERN-LHC-PROJECT-Report-1053",
      pages        = "5 p",
      year         = "2007",
}

@inproceedings{Salvant:tctp,
      author       = "Salvant, B.",
      title        = "TCTP Impedance simulated with CST",
      institution  = "CERN",
      address      = "Geneva",
      month        = "October",
      year         = "2011",
      publisher = "Presented at 17th October 2011 Impedance Meeting, CERN"
}


@inproceedings{Zerlauth:MP,
      author       = "Zerlauth, M.",
      title        = "Machine Protection",
      institution  = "CERN",
      address      = "Geneva",
      month        = "February",
      year         = "2012",
      publisher = "Presented at Chamonix 2012 LHC Performance Workshop"
}

@inproceedings{Bertarelli:HiRadMat,
      author       = "Bertarelli, A.",
      title        = "Preliminary Results of advanced material tests using sample holder",
      institution  = "CERN",
      address      = "Geneva",
      month        = "October",
      year         = "2012",
      publisher = "Presented at 15th October 2012 Meeting of the Collimator Working Group, CERN"
}

@techreport{Bertarelli:Mat,
      author       = "Bertarelli, A and Arnau Izquierdo, G and Carra, F and
                      Dallocchio, A and Gil Costa, M and Mariani, N",
      title        = "Research and development of novel advanced materials for
                      next-generation collimators",
      number       = "CERN-ATS-2011-224",
      pages        = "4 p",
      month        = "Nov",
      year         = "2011",
}

@techreport{Metral:phase2Imp,
      author       = "Métral, E and Caspers, Friedhelm and Grudiev, A and
                      Kroyer, T and Zotter, B and Roncarolo, F and Salvant, B",
      title        = "Impedance Studies for the Phase 2 LHC Collimators",
      number       = "CERN-ATS-2009-040",
      pages        = "4 p",
      month        = "Sep",
      year         = "2009",
}

@inproceedings{Valentino:BPM,
      author       = "Valentino, G.",
      title        = "Preliminary Results from SPS BPM-equipped Collimator MDs",
      institution  = "CERN",
      address      = "Geneva",
      month        = "November",
      year         = "2012",
      publisher = "Presented at 26th November 2012 Meeting of the Collimator Working Group, CERN"
}

@article{Valentino:ColAlignment,
  title = {Semiautomatic beam-based LHC collimator alignment},
  author = {Valentino, Gianluca and A\ss{}mann, Ralph and Bruce, Roderik and Redaelli, Stefano and Rossi, Adriana and Sammut, Nicholas and Wollmann, Daniel},
  journal = {Phys. Rev. ST Accel. Beams},
  volume = {15},
  issue = {5},
  pages = {051002},
  numpages = {12},
  year = {2012},
  month = {May},
  publisher = {American Physical Society}
}

@article{Dallocchio:ColBPM,
      author       = "Dallocchio, A and Bertarelli, A and Boccard, C and Carra, F
                      and Gasior, M and Gentini, L and Timmins, M A",
      title        = "LHC Collimators with Embedded Beam Position Monitors: A New
                      Advanced Mechanical Design",
      number       = "CERN-ATS-2011-228",
      pages        = "4 p",
      month        = "Nov",
      year         = "2011",
}

@inproceedings{Metral:Heating,
      author       = "Métral E. et al",
      title        = "Beam-induced heating/bunch length/RF and lessons for 2012",
      institution  = "CERN",
      address      = "Geneva",
      month        = "February",
      year         = "2012",
      publisher = "Presented at Chamonix 2012 LHC Performance Workshop"
}

@inproceedings{Salvant:Heating,
      author       = "Salvant, B.",
      title        = "Beam induced heating",
      institution  = "CERN",
      address      = "Geneva",
      month        = "December",
      year         = "2011",
      publisher = "Presented at Evian LHC Beam Operation Workshop"
}

@misc{ansys,
    title = "\texttt{http://www.ansys.com/}"


}

@inproceedings{Carra:HeatLoad,
      author       = "Carra, F.",
      title        = "Choice of material for the TCTP ferrite supports",
      institution  = "CERN",
      address      = "Geneva",
      month        = "October",
      year         = "2012",
      publisher = "Presented at 1st October 2012 Meeting of the Collimator Working Group, CERN"
}

@misc{tt2111r:datSheet,
    title = "TT2-111R data sheet available at \texttt{http://www.trans-techinc.com/products\_detail.asp?ID=151}"
}

@misc{Barnes:injSys,
  Author = {Barnes, M.J.},
  Institution = {CERN},
  Howpublished = {Magnets, CERN Accelerator School},
  Year = {2009},
  Title = {Injection and Extraction Magnets}
}

@techreport{Day:wireMeasFerr,
      author       = "Day, Hugo and Barnes, Michael and Caspers, Fritz and
                      Métral, Elias and Salvant, Benoit and Zannini, Carlo and
                      Jones, Roger",
      title        = "Coaxial wire measurements of ferrite kicker magnets",
      number       = "CERN-ATS-2011-275",
      pages        = "4 p",
      month        = "Oct",
      year         = "2011",
}


@techreport{Barnes:spsKickerHeating,
      author       = "Barnes, M J and Caspers, Friedhelm and Cornelis, K and
                      Ducimetière, L and Mahner, E and Papotti, G and Rumolo, G
                      and Senaj, V and Shaposhnikova, E",
      title        = "Measurement and analysis of SPS kicker magnet heating and
                      outgassing with Different Bunch Spacing",
      number       = "CERN-ATS-2009-017",
      pages        = "4 p",
      month        = "Jul",
      year         = "2009",
}

@techreport{Barnes:wireMeasKick,
      author       = "Barnes, M J and Caspers, Friedhelm and Kroyer, T and
                      Métral, E and Roncarolo, F and Salvant, B",
      title        = "Measurement of the longitudinal and transverse impedance of
                      kicker magnets using the coaxial wire method",
      number       = "CERN-ATS-2009-018",
      pages        = "4 p",
      month        = "Jul",
      year         = "2009",
}

@techreport{Belver-Aguilar:clicStripline,
      author       = "Belver-Aguilar, C and Faus-Golfe, A and Barnes, M J and
                      Toral, F and Podadera, I",
      title        = "Beam impedance study of the stripline kicker for the CLIC
                      damping ring",
      institution  = "CERN",
      address      = "Geneva",
      number       = "CERN-ATS-2012-222",
      month        = "Aug",
      year         = "2012",
}

@article{Ducimetiere:mkiSpec,
      author       = "Ducimetière, Laurent and Garrel, N and Barnes, M J and
                      Wait, G D",
      title        = "The LHC injection kicker magnet",
      number       = "LHC-Project-Report-655. CERN-LHC-Project-Report-655",
      pages        = "4 p",
      month        = "Jun",
      year         = "2003",
}

@techreport{Vos:beamScreen,
      author       = "Vos, L",
      title        = "Beam Screens in the LHC Injection Kicker Magnets?",
      institution  = "CERN",
      address      = "Geneva",
      number       = "LHC-Project-Note-131",
      month        = "Feb",
      year         = "1998",
}

@techreport{Caspers:impMeasMKI,
      author       = "Caspers, Friedhelm and González, C and Tsutsui, H and
                      Dyachkov, M",
      title        = "Impedance Measurements on the LHC Injection Kicker
                      Prototype",
      institution  = "CERN",
      address      = "Geneva",
      number       = "LHC-PROJECT-NOTE-219",
      month        = "Mar",
      year         = "2000",
      note         = "revised version number 1 submitted on 2000-03-17 14:16:47",
}

@techreport{Barnes:improvBeamScreen,
      author       = "Barnes, M J and Caspers, Friedhelm and Ducimetière, L and
                      Garrel, N and Kroyer, T",
      title        = "An Improved Beam Screen for the LHC Injection Kickers",
      number       = "LHC-PROJECT-Report-1029. CERN-LHC-PROJECT-Report-1029",
      pages        = "4 p",
      year         = "2007",
}


@techreport{Caspera:impMeasLowFreqMKI,
      author       = "Caspers, Friedhelm and Mostacci, A",
      title        = "Bench measurements of the LHC injection kicker low
                      frequency impedance properties",
      institution  = "CERN",
      address      = "Geneva",
      number       = "SL-Note-2002-030-AP",
      month        = "Oct",
      year         = "2002",
}


@inproceedings{Goddard:timeConst,
      author       = "Goddard, B.",
      title        = "MKI heating 2011 – more observations",
      institution  = "CERN",
      address      = "Geneva",
      month        = "February",
      year         = "2012",
      publisher = "Presented at 2nd February 2012 Meeting of the MKI Strategy Meeting, CERN"
}

@techreport{Barnes:mkiHeating,
      author       = "Barnes, M J and Ducimetière, L and Garrel, N and Goddard,
                      B and Mertens, V and Weterings, W",
      title        = "Analysis of ferrite heating of the LHC injection kickers
                      and proposals for future reduction of temperature",
      institution  = "CERN",
      address      = "Geneva",
      number       = "CERN-ATS-2012-211",
      month        = "Aug",
      year         = "2012",
}

@inproceedings{Garlasche:2dHeat,
      author       = "Garlasche, M.",
      title        = "MKI heating 2011 – more observations",
      institution  = "CERN",
      address      = "Geneva",
      month        = "August",
      year         = "2012",
      publisher = "Presented at 2nd August 2012 Meeting of the MKI Strategy Meeting, CERN"
}

@inproceedings{Barnes:eFieldMKI,
      author       = "Barnes, M. and Adrakata, P.",
      title        = "Electric Field on Surface of Ceramic and Cr2O3",
      institution  = "CERN",
      address      = "Geneva",
      month        = "October",
      year         = "2012",
      publisher = "Presented at 31st October 2012 Meeting of the MKI Strategy Meeting, CERN"
}

@inproceedings{Barnes:emisMKI,
      author       = "Barnes, M. and Weterings, W. and Namora, V.",
      title        = "MKI Tank\#12, Inside, Emissivity",
      institution  = "CERN",
      address      = "Geneva",
      month        = "November",
      year         = "2012",
      publisher = "Presented at 27th November 2012 Meeting of the MKI Strategy Meeting, CERN"
}

@inproceedings{Garlasche:2dHeatEmis,
      author        = "Garlasche, M.",
      title        = "MKI heating 2011 – more observations",
      institution  = "CERN",
      address      = "Geneva",
      month        = "November",
      year         = "2012",
      publisher = "Presented at 12th November 2012 Meeting of the MKI Strategy Meeting, CERN"
}

@inproceedings{Garlasche:2dHeatEmisAll,
      author        = "Garlasche, M.",
      title        = "MKI Thermal Behaviour",
      institution  = "CERN",
      address      = "Geneva",
      month        = "November",
      year         = "2012",
      publisher = "Presented at 27th November 2012 Meeting of the MKI Strategy Meeting, CERN"
}

@inproceedings{Barnes:emisMKITemp,
      author       = "Barnes, M. and Weterings, W.",
      title        = "Emissivity of MKI Tank",
      institution  = "CERN",
      address      = "Geneva",
      month        = "March",
      year         = "2012",
      publisher = "Presented at 16th March 2012 Meeting of the MKI Strategy Meeting, CERN"
}

@inproceedings{Barnes:mkiElec,
      author       = "Barnes, M. and Weterings, W.",
      institution  = "CERN",
      address      = "Geneva",
      month        = "May",
      year         = "2012",
      publisher = "Presented at 11th May 2012 Meeting of the MKI Strategy Meeting, CERN"
}

@inproceedings{Barnes:mkiAlt,
      author       = "Barnes, M.",
      institution  = "CERN",
      address      = "Geneva",
      month        = "August",
      year         = "2012",
      publisher = "Presented at 2nd August 2012 Meeting of the MKI Strategy Meeting, CERN"
}

@inproceedings{Barnes:mkiElecSurfCer,
      author       = "Barnes, M.",
      title	 = "Electric Field on Surface of Ceramic"
      institution  = "CERN",
      address      = "Geneva",
      month        = "November",
      year         = "2012",
      publisher = "Presented at 15th November 2012 Meeting of the MKI Strategy Meeting, CERN"
}


@inproceedings{Barnes:mkiVacTemp,
      author       = "Barnes, M.",
      title        = "MKI Vacuum and Temperature",
      institution  = "CERN",
      address      = "Geneva",
      month        = "October",
      year         = "2012",
      publisher = "Presented at 25th October 2012 Meeting of the MKI Strategy Meeting, CERN"
}

@inproceedings{Bruning:beamParameters,
      author       = "Brüning, O.",
      title        = "Update of required beam characteristics at injection energy in LHC",
      institution  = "CERN",
      address      = "Geneva",
      month        = "March",
      year         = "2012",
      publisher = "Presented at 30th March 2012 HL-LHC/LIU Joint Workshop, CERN"
}

@article{Arduini:beamInducedSPS,
      author       = "Arduini, Gianluigi and Bohl, T and Caspers, Friedhelm and
                      Gaxiola, E H and Kroyer, T and Timmins, M and Vos, L and
                      Uythoven, J",
      title        = "Beam Induced Heating of the SPS Fast Pulsed Magnets",
      number       = "CERN-AB-2004-038",
      year         = "2004",
      note         = "revised version submitted on 2004-09-29 09:29:30",
}

@techreport{Ducimetiere:designMKI,
      author       = "Ducimetière, L and Jansson, U and Schröder, G and
                      Vossenberg, Eugène B and Barnes, M J and Wait, G D",
      title        = "Design of the injection kicker magnet system for CERN's 14
                      TeV proton collider LHC",
      institution  = "CERN",
      address      = "Geneva",
      number       = "CERN-SL-95-80 BT. LHC-NOTE-337. TRI-PP-95-50.
                      CERN-LHC-Note-337",
      month        = "Aug",
      year         = "1995",
}

@inproceedings{Barnes:mkiVacTempCool,
      author       = "Barnes, M. and Ducimetière, L.",
      title        = “3rd MKI Strategy Discussion: 20/02/2012 Vacuum, Ferrite, Cooling, Beam Impedance and Pre-Scrubbing”,
      institution  = "CERN",
      address      = "Geneva",
      month        = "February",
      year         = "2012",
      publisher = "Presented at 20th February 2012 Meeting of the MKI Strategy Meeting, CERN"
}

@inproceedings{Barnes:8thStratMeet,
      author       = "Barnes, M.",
      title        = “ “8th MKI Strategy Meeting”,
      institution  = "CERN",
      address      = "Geneva",
      month        = "July",
      year         = "2012",
      publisher = "Presented at 11th July 2012 Meeting of the MKI Strategy Meeting, CERN"
}

@techreport{Salvant:spsImpModel,
      author       = "Salvant, B and Mounet, N and Zannini, C and Arduini, G and
                      Berrig, O and Caspers, F and Grudiev, A and Métral, E and
                      Rumolo, G and Shaposhnikova, E and Zotter, B and Migliorati,
                      M and Spataro, B",
      title        = "Update of the SPS Impedance Model",
      number       = "CERN-ATS-2010-077",
      month        = "Jun",
      year         = "2010",
}